<record><leader>00000cas a22000007a 4500</leader><controlfield tag="001">13018020</controlfield><controlfield tag="008">860114d18761877tnudn ne      0    0eng  </controlfield><controlfield tag="009">466</controlfield><datafield ind1=" " ind2=" " tag="010"><subfield code="a">sn 86071005 </subfield></datafield><datafield ind1=" " ind2=" " tag="040"><subfield code="a">DLC</subfield><subfield code="b">eng</subfield><subfield code="c">DLC</subfield><subfield code="d">NPX</subfield><subfield code="d">PPM</subfield><subfield code="d">TGN</subfield><subfield code="d">OCLCO</subfield><subfield code="d">OCLCF</subfield></datafield><datafield ind1="1" ind2=" " tag="029"><subfield code="a">AU@</subfield><subfield code="b">000021135453</subfield></datafield><datafield ind1=" " ind2=" " tag="042"><subfield code="a">msc</subfield></datafield><datafield ind1="0" ind2="0" tag="050"><subfield code="a">Newspaper 9793-X</subfield></datafield><datafield ind1="0" ind2=" " tag="130"><subfield code="a">Knoxville daily tribune (Knoxville, Tenn. : 1876)</subfield></datafield><datafield ind1="0" ind2="0" tag="245"><subfield code="a">Knoxville daily tribune.</subfield></datafield><datafield ind1=" " ind2=" " tag="260"><subfield code="a">Knoxville, Tenn. :</subfield><subfield code="b">Fleming &amp; McKinney,</subfield><subfield code="c">1876-1877.</subfield></datafield><datafield ind1=" " ind2=" " tag="300"><subfield code="a">v. :</subfield><subfield code="b">ill. (chiefly advertisements) ;</subfield><subfield code="c">66 cm.</subfield></datafield><datafield ind1=" " ind2=" " tag="310"><subfield code="a">Daily (except Mon.)</subfield></datafield><datafield ind1="0" ind2=" " tag="362"><subfield code="a">[Vol. 1, no. 1] (Mar. 19, 1876)-(Mar. 30, 1877).</subfield></datafield><datafield ind1=" " ind2=" " tag="500"><subfield code="a">Publishers: Jno. M Fleming &amp; Sam McKinney, 1876-1877; Tribune Pub. Co., 1877.</subfield></datafield><datafield ind1=" " ind2=" " tag="515"><subfield code="a">Numbering ceases with: vol. 1, no. 8 (Mar. 26, 1876).</subfield></datafield><datafield ind1=" " ind2=" " tag="530"><subfield code="a">Available on microfilm from Tennessee State Library and Archives.</subfield></datafield><datafield ind1=" " ind2=" " tag="580"><subfield code="a">Merged with: Daily Knoxville age, to form: Knoxville daily tribune and age.</subfield></datafield><datafield ind1=" " ind2="0" tag="651"><subfield code="a">Knoxville (Tenn.)</subfield><subfield code="v">Newspapers.</subfield></datafield><datafield ind1=" " ind2="0" tag="651"><subfield code="a">Knox County (Tenn.)</subfield><subfield code="v">Newspapers.</subfield></datafield><datafield ind1=" " ind2="7" tag="655"><subfield code="a">Newspapers.</subfield><subfield code="2">fast</subfield><subfield code="0">(OCoLC)fst01423814</subfield></datafield><datafield ind1=" " ind2="7" tag="651"><subfield code="a">Tennessee</subfield><subfield code="z">Knox County.</subfield><subfield code="2">fast</subfield><subfield code="0">(OCoLC)fst01215247</subfield></datafield><datafield ind1=" " ind2="7" tag="651"><subfield code="a">Tennessee</subfield><subfield code="z">Knoxville.</subfield><subfield code="2">fast</subfield><subfield code="0">(OCoLC)fst01206442</subfield></datafield><datafield ind1=" " ind2=" " tag="752"><subfield code="a">United States</subfield><subfield code="b">Tennessee</subfield><subfield code="c">Knox</subfield><subfield code="d">Knoxville.</subfield></datafield><datafield ind1="0" ind2=" " tag="775"><subfield code="t">Knoxville weekly tribune (Knoxville, Tenn. : 1876)</subfield><subfield code="w">(DLC)sn 86071009</subfield></datafield><datafield ind1="0" ind2="0" tag="780"><subfield code="t">Daily press and herald</subfield><subfield code="w">(DLC)sn 85033439</subfield></datafield><datafield ind1="1" ind2="7" tag="785"><subfield code="t">Daily Knoxville age</subfield><subfield code="w">(DLC)sn 85042846</subfield></datafield><datafield ind1="1" ind2="7" tag="785"><subfield code="t">Knoxville daily tribune and age</subfield><subfield code="w">(DLC)sn 86071006</subfield></datafield></record>